@article{predict-next-word,
  title={Dissecting contextual word embeddings: Architecture and representation},
  author={Peters, Matthew E and Neumann, Mark and Zettlemoyer, Luke and Yih, Wen-tau},
  journal={arXiv preprint arXiv:1808.08949},
  year={2018}
}

@article{translation,
  title={Learned in translation: Contextualized word vectors},
  author={McCann, Bryan and Bradbury, James and Xiong, Caiming and Socher, Richard},
  journal={Advances in neural information processing systems},
  volume={30},
  year={2017}
}

@article{transformer-dec,
  title={Generating wikipedia by summarizing long sequences},
  author={Liu, Peter J and Saleh, Mohammad and Pot, Etienne and Goodrich, Ben and Sepassi, Ryan and Kaiser, Lukasz and Shazeer, Noam},
  journal={arXiv preprint arXiv:1801.10198},
  year={2018}
}

@article{books-corpus,
  title={Aligning Books and Movies: Towards Story-like Visual Explanations by Watching Movies and Reading Books},
  author={Zhu, Yukun},
  journal={arXiv preprint arXiv:1506.06724},
  year={2015}
}