@misc{MQAN,
      title={The Natural Language Decathlon: Multitask Learning as Question Answering}, 
      author={Bryan McCann and Nitish Shirish Keskar and Caiming Xiong and Richard Socher},
      year={2018},
      eprint={1806.08730},
      archivePrefix={arXiv},
      primaryClass={cs.CL},
}

@article{BPE,
  title={Neural machine translation of rare words with subword units},
  author={Sennrich, Rico},
  journal={arXiv preprint arXiv:1508.07909},
  year={2015}
}

@article{1BW,
  title={One billion word benchmark for measuring progress in statistical language modeling},
  author={Chelba, Ciprian and Mikolov, Tomas and Schuster, Mike and Ge, Qi and Brants, Thorsten and Koehn, Phillipp and Robinson, Tony},
  journal={arXiv preprint arXiv:1312.3005},
  year={2013}
}

@article{coqa,
  title={Coqa: A conversational question answering challenge},
  author={Reddy, Siva and Chen, Danqi and Manning, Christopher D},
  journal={Transactions of the Association for Computational Linguistics},
  volume={7},
  pages={249--266},
  year={2019},
  publisher={MIT Press One Rogers Street, Cambridge, MA 02142-1209, USA journals-info~…}
}

@article{naturalquestions,
  title={Natural questions: a benchmark for question answering research},
  author={Kwiatkowski, Tom and Palomaki, Jennimaria and Redfield, Olivia and Collins, Michael and Parikh, Ankur and Alberti, Chris and Epstein, Danielle and Polosukhin, Illia and Devlin, Jacob and Lee, Kenton and others},
  journal={Transactions of the Association for Computational Linguistics},
  volume={7},
  pages={453--466},
  year={2019},
  publisher={MIT Press One Rogers Street, Cambridge, MA 02142-1209, USA journals-info~…}
}