@inproceedings{RNNG,
    title = "Recurrent Neural Network Grammars",
    author = "Dyer, Chris  and
      Kuncoro, Adhiguna  and
      Ballesteros, Miguel  and
      Smith, Noah A.",
    booktitle = "Proceedings of the 2016 Conference of the North {A}merican Chapter of the Association for Computational Linguistics: Human Language Technologies",
    month = jun,
    year = "2016",
}